<record><leader>00000cas a22000007a 4500</leader><controlfield tag="001">11264725</controlfield><controlfield tag="008">841015d18751918iauwr ne      0    0eng d</controlfield><datafield ind1=" " ind2=" " tag="010"><subfield code="a">sn 84038308 </subfield></datafield><datafield ind1=" " ind2=" " tag="040"><subfield code="a">NPX</subfield><subfield code="b">eng</subfield><subfield code="c">NPX</subfield><subfield code="d">INP</subfield><subfield code="d">OCLCQ</subfield></datafield><datafield ind1=" " ind2=" " tag="042"><subfield code="a">msc</subfield></datafield><datafield ind1="0" ind2=" " tag="130"><subfield code="a">Marengo Democrat (Marengo, Iowa : 1875)</subfield></datafield><datafield ind1="1" ind2="0" tag="245"><subfield code="a">Marengo Democrat.</subfield></datafield><datafield ind1="1" ind2="3" tag="246"><subfield code="a">Democrat</subfield></datafield><datafield ind1="1" ind2="3" tag="246"><subfield code="a">Weekly Democrat</subfield></datafield><datafield ind1=" " ind2=" " tag="260"><subfield code="a">Marengo, Iowa :</subfield><subfield code="b">J.G. Sehorn,</subfield><subfield code="c">-1918.</subfield></datafield><datafield ind1=" " ind2=" " tag="300"><subfield code="a">v. :</subfield><subfield code="b">ill. ;</subfield><subfield code="c">50-56 cm.</subfield></datafield><datafield ind1=" " ind2=" " tag="310"><subfield code="a">Weekly</subfield></datafield><datafield ind1="0" ind2=" " tag="362"><subfield code="a">-no. 2223 (July 25, 1918).</subfield></datafield><datafield ind1="1" ind2=" " tag="362"><subfield code="a">Began with July 9, 1875 issue.</subfield><subfield code="z">Cf. Bibl. of Iowa newspapers.</subfield></datafield><datafield ind1=" " ind2=" " tag="500"><subfield code="a">Publishers: J.G. Sehorn and W.S. Cohickas, &lt;1875&gt;; C.L. Shipton, &lt;May 4, 1893&gt;; Jas. J. Glenn, Aug. 26, 1897-July 25, 1918.</subfield></datafield><datafield ind1=" " ind2=" " tag="500"><subfield code="a">Editors: J.G. Sehorn, &lt;1876&gt;; C.L. Shipton, &lt;May 4, 1893&gt;-Aug. 19, 1897; Jas. J. Glenn, Aug. 26, 1897-1918.</subfield></datafield><datafield ind1=" " ind2=" " tag="515"><subfield code="a">Issues for &lt;May 4, 1893&gt;-July 25, 1918, called no. &lt;905&gt;-2223.</subfield></datafield><datafield ind1=" " ind2=" " tag="525"><subfield code="a">Includes numerous supplements.</subfield></datafield><datafield ind1=" " ind2=" " tag="588"><subfield code="a">Description based on: New ser. v. 1, no. 52 (June 29, 1876).</subfield></datafield><datafield ind1=" " ind2=" " tag="752"><subfield code="a">United States</subfield><subfield code="b">Iowa</subfield><subfield code="c">Iowa</subfield><subfield code="d">Marengo.</subfield></datafield><datafield ind1="0" ind2=" " tag="775"><subfield code="t">Marengo daily Democrat</subfield><subfield code="w">(DLC)sn 85049643</subfield></datafield><datafield ind1="0" ind2="7" tag="785"><subfield code="t">Marengo sentinel</subfield><subfield code="w">(DLC)sn 85049644</subfield></datafield><datafield ind1="0" ind2="7" tag="785"><subfield code="t">Marengo sentinel and Democrat</subfield><subfield code="w">(DLC)sn 85049645</subfield></datafield></record>